












@article{komarath2020graph,
  title={Graph Homomorphism Polynomials: Algorithms and Complexity},
  author={Komarath, Balagopal and Pandey, Anurag and Rahul, CS},
  journal={arXiv preprint arXiv:2011.04778},
  year={2020}
}

@inproceedings{curticapean2017homomorphisms,
  title={Homomorphisms are a good basis for counting small subgraphs},
  author={Curticapean, Radu and Dell, Holger and Marx, D{\'a}niel},
  booktitle={Proceedings of the 49th Annual ACM SIGACT Symposium on Theory of Computing},
  pages={210--223},
  year={2017}
}

@article{schnorr1976lower,
  title={A lower bound on the number of additions in monotone computations},
  author={Schnorr, Claus-Peter},
  journal={Theoretical Computer Science},
  volume={2},
  number={3},
  pages={305--315},
  year={1976},
  publisher={Elsevier}
}
